@article{ruff2014fehr,
  title={The neurobiology of rewards and values in social decision making},
  author={Ruff, Christian C and Fehr, Ernst},
  journal={Nature Reviews Neuroscience},
  volume={15},
  number={8},
  pages={549--562},
  year={2014},
  publisher={Nature Publishing Group}
}

@article{schultz2016,
  title={Reward functions of the basal ganglia},
  author={Schultz, Wolfram},
  journal={Journal of Neural Transmission},
  volume={123},
  number={7},
  pages={679--693},
  year={2016},
  publisher={Springer}
}

@article{carter2014,
  title={Oxytocin pathways and the evolution of human behavior},
  author={Carter, C Sue},
  journal={Annual Review of Psychology},
  volume={65},
  pages={17--39},
  year={2014},
  publisher={Annual Reviews}
}

@article{bartz2011,
  title={Social effects of oxytocin in humans: context and person matter},
  author={Bartz, Jennifer A and Zaki, Jamil and Bolger, Niall and Ochsner, Kevin N},
  journal={Trends in Cognitive Sciences},
  volume={15},
  number={7},
  pages={301--309},
  year={2011},
  publisher={Elsevier}
}

@article{kounios2014,
  title={The cognitive neuroscience of insight},
  author={Kounios, John and Beeman, Mark},
  journal={Annual Review of Psychology},
  volume={65},
  pages={71--93},
  year={2014},
  publisher={Annual Reviews}
}

@article{jung2004,
  title={Neural activity when people solve verbal problems with insight},
  author={Jung-Beeman, Mark and Bowden, Edward M and Haberman, Jason and Frymiare, Jennifer L and Arambel-Liu, Stella and Greenblatt, Richard and Reber, Paul J and Kounios, John},
  journal={PLoS Biology},
  volume={2},
  number={4},
  pages={e97},
  year={2004},
  publisher={Public Library of Science}
}

@article{bowden2003,
  title={New approaches to demystifying insight},
  author={Bowden, Edward M and Jung-Beeman, Mark},
  journal={Trends in Cognitive Sciences},
  volume={7},
  number={7},
  pages={322--328},
  year={2003},
  publisher={Elsevier}
}

@article{beversdorf2019,
  title={Noradrenergic modulation of cognitive flexibility in problem solving},
  author={Beversdorf, David Q},
  journal={Current Opinion in Behavioral Sciences},
  volume={28},
  pages={44--50},
  year={2019},
  publisher={Elsevier}
}

@article{alexander2011,
  title={Medial prefrontal cortex as an action-outcome predictor},
  author={Alexander, William H and Brown, Joshua W},
  journal={Nature Neuroscience},
  volume={14},
  number={10},
  pages={1338--1344},
  year={2011},
  publisher={Nature Publishing Group}
}

@article{hasselmo2006,
  title={The role of acetylcholine in learning and memory},
  author={Hasselmo, Michael E},
  journal={Current Opinion in Neurobiology},
  volume={16},
  number={6},
  pages={710--715},
  year={2006},
  publisher={Elsevier}
}

@article{thiele2018,
  title={Cholinergic enhancement of visual attention and neural oscillations in the human brain},
  author={Thiele, Alexander and Bellgrove, Mark A},
  journal={Current Biology},
  volume={28},
  number={8},
  pages={R354--R364},
  year={2018},
  publisher={Elsevier}
}

@article{picciotto2012,
  title={Acetylcholine as a neuromodulator: cholinergic signaling shapes nervous system function and behavior},
  author={Picciotto, Marina R and Higley, Michael J and Mineur, Yann S},
  journal={Neuron},
  volume={76},
  number={1},
  pages={116--129},
  year={2012},
  publisher={Elsevier}
}

@article{manninen2017,
  title={Social laughter triggers endogenous opioid release in humans},
  author={Manninen, Sandra and Tuominen, Lauri and Dunbar, Robin IM and Karjalainen, Tomi and Hirvonen, Jussi and Arponen, Eveliina and Hari, Riitta and J채채skel채inen, Iiro P and Sams, Mikko and Nummenmaa, Lauri},
  journal={Journal of Neuroscience},
  volume={37},
  number={25},
  pages={6125--6131},
  year={2017},
  publisher={Society for Neuroscience}
}

@article{yim2016,
  title={Therapeutic benefits of laughter in mental health: a theoretical review},
  author={Yim, Jinhyun},
  journal={The Tohoku Journal of Experimental Medicine},
  volume={239},
  number={3},
  pages={243--249},
  year={2016},
  publisher={Tohoku University Medical Press}
}

@article{dunbar2012,
  title={Social laughter is correlated with an elevated pain threshold},
  author={Dunbar, Robin IM and Baron, Rory and Frangou, Anna and Pearce, Eiluned and van Leeuwen, Edwin JC and Stow, Julie and Partridge, Giselle and MacDonald, Ian and Barra, Vincent and van Vugt, Mark},
  journal={Proceedings of the Royal Society B: Biological Sciences},
  volume={279},
  number={1731},
  pages={1161--1167},
  year={2012},
  publisher={The Royal Society}
}

@article{stellar2015,
  title={Positive affect and markers of inflammation: discrete positive emotions predict lower levels of inflammatory cytokines},
  author={Stellar, Jennifer E and John-Henderson, Neha and Anderson, Craig L and Gordon, Amie M and McNeil, Galen D and Keltner, Dacher},
  journal={Emotion},
  volume={15},
  number={2},
  pages={129--133},
  year={2015},
  publisher={American Psychological Association}
}

@article{silvers2008,
  title={Touching base: on the universal psychology of morality},
  author={Silvers, Julie A and Haidt, Jonathan},
  journal={Journal of Applied Social Psychology},
  volume={38},
  number={2},
  pages={367--396},
  year={2008},
  publisher={Wiley Online Library}
}

@book{kounios2015eureka,
  title={The eureka factor: Aha moments, creative insight, and the brain},
  author={Kounios, John and Beeman, Mark},
  year={2015},
  publisher={Random House}
}

@article{sandkuhler2008,
  title={Deconstructing insight: EEG correlates of insightful problem solving},
  author={Sandk체hler, Simone and Bhattacharya, Joydeep},
  journal={PLoS One},
  volume={3},
  number={1},
  pages={e1459},
  year={2008},
  publisher={Public Library of Science}
}

@article{subramaniam2009,
  title={A brain mechanism for facilitation of insight by positive affect},
  author={Subramaniam, Karuna and Kounios, John and Parrish, Todd B and Jung-Beeman, Mark},
  journal={Journal of Cognitive Neuroscience},
  volume={21},
  number={3},
  pages={415--432},
  year={2009},
  publisher={MIT Press}
}

@article{fleck2013,
  title={Insight versus analysis: Evidence for diverse methods in problem solving},
  author={Fleck, Jessica I and Weisberg, Robert W},
  journal={Journal of Cognitive Psychology},
  volume={25},
  number={4},
  pages={436--463},
  year={2013},
  publisher={Taylor \& Francis}
}

@article{salvi2016,
  title={Insight solutions are correct more often than analytic solutions},
  author={Salvi, Carola and Bricolo, Emanuela and Kounios, John and Bowden, Edward and Beeman, Mark},
  journal={Thinking \& Reasoning},
  volume={22},
  number={4},
  pages={443--460},
  year={2016},
  publisher={Taylor \& Francis}
}

@article{danek2017,
  title={What about false insights? Deconstructing the Aha! experience along its multiple dimensions for correct and incorrect solutions separately},
  author={Danek, Amory H and Wiley, Jennifer},
  journal={Frontiers in Psychology},
  volume={7},
  pages={2077},
  year={2017},
  publisher={Frontiers}
}

@incollection{gick1995,
  title={Cognitive and affective components of insight},
  author={Gick, Mary L and Lockhart, Robert S},
  booktitle={The nature of insight},
  pages={197--228},
  year={1995},
  publisher={MIT Press},
  editor={Sternberg, Robert J and Davidson, Janet E}
}

@article{metcalfe1987,
  title={Intuition in insight and noninsight problem solving},
  author={Metcalfe, Janet and Wiebe, David},
  journal={Memory \& Cognition},
  volume={15},
  number={3},
  pages={238--246},
  year={1987},
  publisher={Springer}
}